<?xml version="1.0" encoding="UTF-8"?><collection xmlns="http://www.loc.gov/MARC21/slim"><record><leader>00341nam--2200133-i-4500</leader><controlfield tag="001">000045683</controlfield><controlfield tag="002">20161230</controlfield><controlfield tag="005">20161230201045</controlfield><controlfield tag="008">060222s1000------------r-----000-0-eng-d</controlfield><datafield ind1=" " ind2=" " tag="080"><subfield code="a">519.681</subfield></datafield><datafield ind1=" " ind2=" " tag="100"><subfield code="a">Tyugu, E</subfield></datafield><datafield ind1=" " ind2=" " tag="245"><subfield code="a">Knowledge-based programming environments</subfield></datafield><datafield ind1=" " ind2=" " tag="260"><subfield code="a">Tallin, Estonian Academy Of Sciences, 1990, 36p</subfield></datafield><datafield ind1=" " ind2=" " tag="852"><subfield code="a">79471</subfield></datafield></record></collection>